@misc{seer2023,
  author = {SEER Program},
  title = {Surveillance, Epidemiology, and End Results (SEER) Program},
  howpublished = {\url{http://www.seer.cancer.gov}},
  note = {SEER*Stat Database: Incidence - SEER Research Data, 8 Registries, Nov 2021 Sub (1975-2020) - Linked To County Attributes - Time Dependent (1990-2020) Income/Rurality, 1969-2020 Counties, National Cancer Institute, DCCPS, Surveillance Research Program, released April 2023, based on the November 2022 submission.},
  year = {2023}
}

@book{mittelbach2004latex,
  author       = {Mittelbach, Frank and Goossens, Michel},
  title        = {The LaTeX Companion},
  year         = {2004},
  edition      = {2},
  publisher    = {Addison-Wesley},
  address      = {Upper Saddle River, NJ}
}
